@Article{Einstein,
  author =       "Albert Einstein",
  title =        "{Zur Elektrodynamik bewegter K{\"o}rper}. ({German})
                 [{On} the electrodynamics of moving bodies]",
  journal =      "Annalen der Physik",
  volume =       "322",
  number =       "10",
  pages =        "891--921",
  year =         "1905",
  DOI =          "http://dx.doi.org/10.1002/andp.19053221004"
} 

@article{test,
  title={Agent-based modelling},
  author={Janssen, Marco A},
  journal={Modelling in ecological economics},
  pages={155--172},
  year={2005}
}

@misc{1,
  author = {Wikipedia},
  howpublished = {\url{https://en.wikipedia.org/wiki/Game_of_Thrones}},
}
 
@misc{2,
  author = {Trakt.TV},
  title = {{Online TV series and movies tracker}},
  howpublished = {\url{https://trakt.tv}}
}
 
@misc{3,
  author = {TheMovieDB.org},
  title = {{The biggest open source movies database}},
  howpublished = {\url{http://themoviedb.org}}
}
 
@misc{4,
  author = {TheTVDB.org},
  title = {{The biggest open source TV series database}},
  howpublished = "\url{https://thetvdb.org}"
}
 
@misc{5,
  author = {EpisodeCalendar},
  title = {{The second most popular online TV series only tracker}},
  howpublished = {\url{https://episodecalendar.com}}
}
 
@misc{6,
  author = {Recommender Systems for TV},
  title = {{from AAAI Technical Report WS-98-08}},
  year = {1998},
}
 
@misc{7,
  author = {Srinivas Gutta, Kaushal Kurapati, KP
Lee, Jacquelyn Martino, John Milanski, J. David Schaffer, John Zimmerman},
  title = {{TV Content Recommender System}},
  Note = {Philips Research}
}
 
@misc{8,
  author = {Anna Buczak, John Zimmerman, Kaushal Kurapati},
  title = {{Personalization: Improving Ease-of-Use, Trust and Accuracy of a TV Show
Recommender}},
  Note = {Philips Research},
  year = {2002}
}
 
@misc{9,
  author = {Civic Science},
  title = {{Analysis of Primary TV Watching Habits}},
  Note = {Insight Report},
  year = {May 2014},
}
 
@misc{10,
  author = {A B M Moniruzzaman and Syed Akhter Hossain},
  title = {{NoSQL Database: New Era of Databases for Big data Analytics - Classification, Characteristics and Comparison}},
  Note = {Department of Computer Science and Engineering - Daffodil International University}
}
 
@misc{11,
  author = {Kristina Chodorow},
  title = {{MongoDB: The definitive guide}},
  Note = {Second Edition},
  year = {2013},
}
 
@misc{12,
  author = {Node.JS official website},
  howpublished = {\url{http://nodejs.org}},
}
 
@misc{13,
  author = {Robert Ryan McCune},
  title = {{Node.js Paradigms and Benchmarks}},
  Note = {University of Notre Dame},
}
 
@misc{14,
  author = {Milan Bjelica},
  title = {{Towards TV Recommender System: Experiments with User Modeling}},
  Note = {Member of IEEE},
}
 
@misc{15,
  author = {Srinivas Gutta, Kaushal Kurapati, KP Lee, Jacquelyn Martino, John Milanski, J. David Schaffer, John Zimmerman},
  title = {{TV Content Recommender System}},
  Note = {Philips Research},
  year = {2000},
}
 
@misc{16,
  author = {Apiary official website},
  howpublished = {\url{http://apiary.io}},
}
 
@misc{17,
  author = {MongooseJS official website},
  howpublished = {\url{http://mongoosejs.com}},
}
 
@misc{18,
  author = {Nodemon official website},
  howpublished = {\url{http://nodemon.io}},
}
 
@misc{19,
  author = {Axios npm official Github repository},
  howpublished = {\url{https://github.com/mzabriskie/axios}},
}

@misc{Netflix,
  author = {Yoni Heisler},
  howpublished = {\url{http://bgr.com/2016/02/10/netflix-ratings-what-they-mean-how-they-work/}},
} 

@misc{Cosinus,
  author = {Wikipedia},
  howpublished = {\url{https://en.wikipedia.org/wiki/Cosine_similarity/}},
}

@misc{np,
  author = {Netflix},
  howpublished = {\url{http://www.netflixprize.com/index/}},
}

@misc{Neural,
  author = {Wikipedia},
  howpublished = {\url{https://en.wikipedia.org/wiki/Artificial_neural_network}},
}

@misc{svd,
  author = {Wikipedia},
  howpublished = {\url{https://https://en.wikipedia.org/wiki/Singular_value_decomposition}},
}

@misc{belkor,
  author = {Yehuda Koren},
  title = {{The BellKor Solution to the Netflix Grand Prize}},
  year = {2009},
}

@misc{heroku,
  author = {Heroku, Inc},
  howpublished = {\url{https://www.heroku.com/}},
}

@misc{liekly,
  author = {Npm Inc},
  howpublished = {\url{https://www.npmjs.com/package/likely}},
}

@misc{cf,
  author = {Wikipedia},
  howpublished = {\url{https://en.wikipedia.org/wiki/Collaborative_filtering}},
} 

@misc{sgd,
  author = {Wikipedia},
  howpublished = {\url{https://en.wikipedia.org/wiki/Gradient_descent}},
} 

@misc{passport,
  author = {Npm Inc},
  howpublished = {\url{http://passportjs.org}},
} 


@misc{async,
  author = {Axios npm official Github repository},
  howpublished = {\url{https://github.com/caolan/async}},
} 

@misc{mocha,
  author = {Mocha},
  howpublished = {\url {mochajs.org}},
} 